[gd_scene load_steps=13 format=3 uid="uid://dihgbyidyarfy"]

[ext_resource type="Texture2D" uid="uid://c358kmg4gguah" path="res://assets/Godoodle.png" id="1_nbxag"]
[ext_resource type="Texture2D" uid="uid://c8okutoibuvjk" path="res://assets/background.png" id="2_uq6fa"]
[ext_resource type="AudioStream" uid="uid://ddiup3bufrh8h" path="res://assets/pop.ogg" id="2_wdsaj"]
[ext_resource type="Texture2D" uid="uid://cw83mrtm111e3" path="res://assets/Title.png" id="4_wqwic"]

[sub_resource type="GDScript" id="GDScript_rhnvl"]
script/source = "extends Area2D

# Declare member variables here.
@export var move_time := 2.0
var tween: Tween
@onready var marker = $Marker2D
@onready var godoodle = $\"../Godoodle\"


func _ready():
	# Start the animation.
	start_animation()


func start_animation():
	var original_position = position
	
	# Create a new Tween instance.
	tween = create_tween()
	
	# Tween from current position to marker's position.
	tween.tween_property(self, \"position\", marker.global_position, move_time).set_trans(Tween.TRANS_LINEAR).set_ease(Tween.EASE_IN_OUT)
	
	# Chain the tween back to the original position after the first one completes.
	tween.tween_property(self, \"position\", original_position, move_time).set_trans(Tween.TRANS_LINEAR).set_ease(Tween.EASE_IN_OUT)
	tween.tween_callback(_on_animation_completed)


func _on_animation_completed():
	# Restart the animation loop.
	start_animation()


func _on_body_entered(body):
	if body == godoodle:
		godoodle.kill()
	else:
		queue_free()
"

[sub_resource type="CircleShape2D" id="CircleShape2D_3ie7p"]
radius = 72.4431

[sub_resource type="PhysicsMaterial" id="PhysicsMaterial_ae76o"]

[sub_resource type="GDScript" id="GDScript_yh1xr"]
script/source = "extends Node2D

# Declare member variables here.
@export var move_time := 2.0
var tween: Tween
@onready var marker = $Marker2D


func _ready():
	# Start the animation.
	start_animation()


func start_animation():
	var original_position = position
	
	# Create a new Tween instance.
	tween = create_tween()
	
	# Tween from current position to marker's position.
	tween.tween_property(self, \"position\", marker.global_position, move_time).set_trans(Tween.TRANS_LINEAR).set_ease(Tween.EASE_IN_OUT)
	
	# Chain the tween back to the original position after the first one completes.
	tween.tween_property(self, \"position\", original_position, move_time).set_trans(Tween.TRANS_LINEAR).set_ease(Tween.EASE_IN_OUT)
	tween.tween_callback(_on_animation_completed)


func _on_animation_completed():
	# Restart the animation loop.
	start_animation()
"

[sub_resource type="GDScript" id="GDScript_o5w2s"]
script/source = "extends CharacterBody2D

@onready var bullets = $Bullets
@onready var sprite = $Godoodle
@onready var audio_stream_player = $AudioStreamPlayer
@export var SPEED := 300.0
@export var JUMP_VELOCITY := -400.0
const BULLET = preload(\"res://bullet.tscn\")

# Get the gravity from the project settings to be synced with RigidBody nodes.
var gravity = ProjectSettings.get_setting(\"physics/2d/default_gravity\")
var is_dead := false


func _physics_process(delta):
	if is_dead:
		return
	
	# Add the gravity.
	if not is_on_floor():
		velocity.y += gravity * delta

	# Handle jump.
	if is_on_floor():
		velocity.y = JUMP_VELOCITY
		audio_stream_player.play()


	# Get the input direction and handle the movement/deceleration.
	# As good practice, you should replace UI actions with custom gameplay actions.
	var direction = Input.get_axis(\"left\", \"right\")
	if direction:
		velocity.x = direction * SPEED
	else:
		velocity.x = move_toward(velocity.x, 0, SPEED)
	
	if Input.is_action_just_pressed(\"shoot\"):
		var b = BULLET.instantiate()
		b.position = position
		bullets.add_child(b)
	
	# Position Check:
	var half_sprite = ((sprite.get_rect().size.x * sprite.scale.x) / 2.0)
	var screen_width = 800
	if global_position.x < -half_sprite:
		global_position.x = screen_width + half_sprite
	elif global_position.x > screen_width + half_sprite:
		global_position.x = -half_sprite
	
	move_and_slide()


func kill():
	is_dead = true


func _on_death_zone_entered(body):
	if body == self:
		is_dead = true
	else:
		body.queue_free()
"

[sub_resource type="RectangleShape2D" id="RectangleShape2D_2oij1"]
size = Vector2(96, 96)

[sub_resource type="GDScript" id="GDScript_olfw4"]
script/source = "extends Line2D

@onready var godoodle = $\"../Godoodle\"
@export var follow_distance := 400


# Called every frame. 'delta' is the elapsed time since the previous frame.
func _process(_delta):
	if position.y > godoodle.position.y + follow_distance:
		position.y = godoodle.position.y + follow_distance
"

[sub_resource type="RectangleShape2D" id="RectangleShape2D_pdgea"]
size = Vector2(800, 20)

[node name="Game" type="Node2D"]

[node name="Enemy" type="Area2D" parent="."]
position = Vector2(536, -3160)
collision_layer = 4
collision_mask = 10
script = SubResource("GDScript_rhnvl")
move_time = 1.0
metadata/_edit_group_ = true

[node name="Graphics" type="Node2D" parent="Enemy"]

[node name="Line2D2" type="Line2D" parent="Enemy/Graphics"]
points = PackedVector2Array(-88, -16, -48, -16, -48, 24, -88, 24, -48, 24, -32, 40, -32, 72, -32, 40, 0, 40, 0, 72)
default_color = Color(0.666667, 0.666667, 0.666667, 1)

[node name="Line2D3" type="Line2D" parent="Enemy/Graphics"]
rotation = 3.14159
scale = Vector2(1, -1)
points = PackedVector2Array(-88, -16, -48, -16, -48, 24, -88, 24, -48, 24, -32, 40, -32, 72, -32, 40, 0, 40, 0, 72)
default_color = Color(0.666667, 0.666667, 0.666667, 1)

[node name="Polygon2D" type="Polygon2D" parent="Enemy/Graphics"]
color = Color(0.4, 0.733333, 0.0666667, 1)
polygon = PackedVector2Array(0, -72, -32, -56, -56, -8, -56, 32, -32, 48, 32, 48, 56, 32, 56, -8, 32, -56)

[node name="Polygon2D2" type="Polygon2D" parent="Enemy/Graphics"]
polygon = PackedVector2Array(-24, -48, -32, -40, -32, -32, -24, -24, -16, -24, -8, -32, -8, -40, -16, -48)

[node name="Polygon2D3" type="Polygon2D" parent="Enemy/Graphics"]
position = Vector2(40, 0)
polygon = PackedVector2Array(-24, -48, -32, -40, -32, -32, -24, -24, -16, -24, -8, -32, -8, -40, -16, -48)

[node name="Line2D" type="Line2D" parent="Enemy/Graphics"]
points = PackedVector2Array(-40, 0, -38, 8, -26, 8, -24, 24, -24, 8, 24, 8, 24, 24, 26, 8, 40, 8, -24, 8, -40, 8, 40, 8, 40, 0, 38, 8, -40, 8)
closed = true
width = 5.0
default_color = Color(0, 0, 0, 1)
joint_mode = 2
begin_cap_mode = 2
end_cap_mode = 2

[node name="Line2D4" type="Line2D" parent="Enemy/Graphics"]
points = PackedVector2Array(-24, -40, -24, -32)
default_color = Color(0, 0, 0, 1)

[node name="Line2D5" type="Line2D" parent="Enemy/Graphics"]
points = PackedVector2Array(16, -40, 16, -32)
default_color = Color(0, 0, 0, 1)

[node name="Marker2D" type="Marker2D" parent="Enemy"]
position = Vector2(144, 0)

[node name="CollisionShape2D" type="CollisionShape2D" parent="Enemy"]
shape = SubResource("CircleShape2D_3ie7p")

[node name="Enemy2" type="Area2D" parent="."]
position = Vector2(184, -792)
collision_layer = 4
collision_mask = 10
script = SubResource("GDScript_rhnvl")
move_time = 1.0
metadata/_edit_group_ = true

[node name="Graphics" type="Node2D" parent="Enemy2"]

[node name="Line2D2" type="Line2D" parent="Enemy2/Graphics"]
points = PackedVector2Array(-88, -16, -48, -16, -48, 24, -88, 24, -48, 24, -32, 40, -32, 72, -32, 40, 0, 40, 0, 72)
default_color = Color(0.666667, 0.666667, 0.666667, 1)

[node name="Line2D3" type="Line2D" parent="Enemy2/Graphics"]
rotation = 3.14159
scale = Vector2(1, -1)
points = PackedVector2Array(-88, -16, -48, -16, -48, 24, -88, 24, -48, 24, -32, 40, -32, 72, -32, 40, 0, 40, 0, 72)
default_color = Color(0.666667, 0.666667, 0.666667, 1)

[node name="Polygon2D" type="Polygon2D" parent="Enemy2/Graphics"]
color = Color(0.4, 0.733333, 0.0666667, 1)
polygon = PackedVector2Array(0, -72, -32, -56, -56, -8, -56, 32, -32, 48, 32, 48, 56, 32, 56, -8, 32, -56)

[node name="Polygon2D2" type="Polygon2D" parent="Enemy2/Graphics"]
polygon = PackedVector2Array(-24, -48, -32, -40, -32, -32, -24, -24, -16, -24, -8, -32, -8, -40, -16, -48)

[node name="Polygon2D3" type="Polygon2D" parent="Enemy2/Graphics"]
position = Vector2(40, 0)
polygon = PackedVector2Array(-24, -48, -32, -40, -32, -32, -24, -24, -16, -24, -8, -32, -8, -40, -16, -48)

[node name="Line2D" type="Line2D" parent="Enemy2/Graphics"]
points = PackedVector2Array(-40, 0, -38, 8, -26, 8, -24, 24, -24, 8, 24, 8, 24, 24, 26, 8, 40, 8, -24, 8, -40, 8, 40, 8, 40, 0, 38, 8, -40, 8)
closed = true
width = 5.0
default_color = Color(0, 0, 0, 1)
joint_mode = 2
begin_cap_mode = 2
end_cap_mode = 2

[node name="Line2D4" type="Line2D" parent="Enemy2/Graphics"]
points = PackedVector2Array(-24, -40, -24, -32)
default_color = Color(0, 0, 0, 1)

[node name="Line2D5" type="Line2D" parent="Enemy2/Graphics"]
points = PackedVector2Array(16, -40, 16, -32)
default_color = Color(0, 0, 0, 1)

[node name="Marker2D" type="Marker2D" parent="Enemy2"]
position = Vector2(520, 0)

[node name="CollisionShape2D" type="CollisionShape2D" parent="Enemy2"]
shape = SubResource("CircleShape2D_3ie7p")

[node name="MovingPlatforms" type="Node2D" parent="."]
modulate = Color(0, 1, 1, 1)

[node name="Platform" type="AnimatableBody2D" parent="MovingPlatforms"]
position = Vector2(176, -232)
physics_material_override = SubResource("PhysicsMaterial_ae76o")
script = SubResource("GDScript_yh1xr")
metadata/_edit_group_ = true

[node name="CollisionPolygon2D" type="CollisionPolygon2D" parent="MovingPlatforms/Platform"]
polygon = PackedVector2Array(-69, 22, -69, 10, -59, -2, -40, -5, 48, -5, 63, 0, 66, 13, 63, 25, 55, 32, 42, 37, 23, 39, -48, 38, -64, 32)
one_way_collision = true

[node name="Line2D" type="Line2D" parent="MovingPlatforms/Platform"]
points = PackedVector2Array(-64, 21, -64, 12, -57, 3, -40, 0, 48, 0, 59, 4, 61, 12, 59, 22, 52, 28, 41, 32, 23, 34, -24, 33, -47, 33, -60, 29)
closed = true
joint_mode = 2

[node name="Marker2D" type="Marker2D" parent="MovingPlatforms/Platform"]
position = Vector2(400, 0)
gizmo_extents = 13.3

[node name="Platform6" type="AnimatableBody2D" parent="MovingPlatforms"]
position = Vector2(248, 344)
physics_material_override = SubResource("PhysicsMaterial_ae76o")
script = SubResource("GDScript_yh1xr")
metadata/_edit_group_ = true

[node name="CollisionPolygon2D" type="CollisionPolygon2D" parent="MovingPlatforms/Platform6"]
polygon = PackedVector2Array(-69, 22, -69, 10, -59, -2, -40, -5, 48, -5, 63, 0, 66, 13, 63, 25, 55, 32, 42, 37, 23, 39, -48, 38, -64, 32)
one_way_collision = true

[node name="Line2D" type="Line2D" parent="MovingPlatforms/Platform6"]
points = PackedVector2Array(-64, 21, -64, 12, -57, 3, -40, 0, 48, 0, 59, 4, 61, 12, 59, 22, 52, 28, 41, 32, 23, 34, -24, 33, -47, 33, -60, 29)
closed = true
joint_mode = 2

[node name="Marker2D" type="Marker2D" parent="MovingPlatforms/Platform6"]
position = Vector2(400, 0)
gizmo_extents = 13.3

[node name="Platform2" type="AnimatableBody2D" parent="MovingPlatforms"]
position = Vector2(200, -1280)
physics_material_override = SubResource("PhysicsMaterial_ae76o")
script = SubResource("GDScript_yh1xr")
metadata/_edit_group_ = true

[node name="CollisionPolygon2D" type="CollisionPolygon2D" parent="MovingPlatforms/Platform2"]
polygon = PackedVector2Array(-69, 22, -69, 10, -59, -2, -40, -5, 48, -5, 63, 0, 66, 13, 63, 25, 55, 32, 42, 37, 23, 39, -48, 38, -64, 32)
one_way_collision = true

[node name="Line2D" type="Line2D" parent="MovingPlatforms/Platform2"]
points = PackedVector2Array(-64, 21, -64, 12, -57, 3, -40, 0, 48, 0, 59, 4, 61, 12, 59, 22, 52, 28, 41, 32, 23, 34, -24, 33, -47, 33, -60, 29)
closed = true
joint_mode = 2

[node name="Marker2D" type="Marker2D" parent="MovingPlatforms/Platform2"]
position = Vector2(400, 0)
gizmo_extents = 13.3

[node name="Platform3" type="AnimatableBody2D" parent="MovingPlatforms"]
position = Vector2(120, -3064)
physics_material_override = SubResource("PhysicsMaterial_ae76o")
script = SubResource("GDScript_yh1xr")
metadata/_edit_group_ = true

[node name="CollisionPolygon2D" type="CollisionPolygon2D" parent="MovingPlatforms/Platform3"]
polygon = PackedVector2Array(-69, 22, -69, 10, -59, -2, -40, -5, 48, -5, 63, 0, 66, 13, 63, 25, 55, 32, 42, 37, 23, 39, -48, 38, -64, 32)
one_way_collision = true

[node name="Line2D" type="Line2D" parent="MovingPlatforms/Platform3"]
points = PackedVector2Array(-64, 21, -64, 12, -57, 3, -40, 0, 48, 0, 59, 4, 61, 12, 59, 22, 52, 28, 41, 32, 23, 34, -24, 33, -47, 33, -60, 29)
closed = true
joint_mode = 2

[node name="Marker2D" type="Marker2D" parent="MovingPlatforms/Platform3"]
position = Vector2(288, 16)
gizmo_extents = 13.3

[node name="Platform4" type="AnimatableBody2D" parent="MovingPlatforms"]
position = Vector2(160, -2864)
physics_material_override = SubResource("PhysicsMaterial_ae76o")
script = SubResource("GDScript_yh1xr")
metadata/_edit_group_ = true

[node name="CollisionPolygon2D" type="CollisionPolygon2D" parent="MovingPlatforms/Platform4"]
polygon = PackedVector2Array(-69, 22, -69, 10, -59, -2, -40, -5, 48, -5, 63, 0, 66, 13, 63, 25, 55, 32, 42, 37, 23, 39, -48, 38, -64, 32)
one_way_collision = true

[node name="Line2D" type="Line2D" parent="MovingPlatforms/Platform4"]
points = PackedVector2Array(-64, 21, -64, 12, -57, 3, -40, 0, 48, 0, 59, 4, 61, 12, 59, 22, 52, 28, 41, 32, 23, 34, -24, 33, -47, 33, -60, 29)
closed = true
joint_mode = 2

[node name="Marker2D" type="Marker2D" parent="MovingPlatforms/Platform4"]
position = Vector2(352, 8)
gizmo_extents = 13.3

[node name="Platform5" type="AnimatableBody2D" parent="MovingPlatforms"]
position = Vector2(192, -2632)
physics_material_override = SubResource("PhysicsMaterial_ae76o")
script = SubResource("GDScript_yh1xr")
metadata/_edit_group_ = true

[node name="CollisionPolygon2D" type="CollisionPolygon2D" parent="MovingPlatforms/Platform5"]
polygon = PackedVector2Array(-69, 22, -69, 10, -59, -2, -40, -5, 48, -5, 63, 0, 66, 13, 63, 25, 55, 32, 42, 37, 23, 39, -48, 38, -64, 32)
one_way_collision = true

[node name="Line2D" type="Line2D" parent="MovingPlatforms/Platform5"]
points = PackedVector2Array(-64, 21, -64, 12, -57, 3, -40, 0, 48, 0, 59, 4, 61, 12, 59, 22, 52, 28, 41, 32, 23, 34, -24, 33, -47, 33, -60, 29)
closed = true
joint_mode = 2

[node name="Marker2D" type="Marker2D" parent="MovingPlatforms/Platform5"]
position = Vector2(480, 8)
gizmo_extents = 13.3

[node name="StaticPlatforms" type="Node2D" parent="."]
modulate = Color(0.4, 0.733333, 0.0666667, 1)

[node name="StaticBody2D" type="StaticBody2D" parent="StaticPlatforms"]
position = Vector2(80, 32)
metadata/_edit_group_ = true

[node name="CollisionPolygon2D" type="CollisionPolygon2D" parent="StaticPlatforms/StaticBody2D"]
polygon = PackedVector2Array(-69, 22, -69, 10, -59, -2, -40, -5, 48, -5, 63, 0, 66, 13, 63, 25, 55, 32, 42, 37, 23, 39, -48, 38, -64, 32)
one_way_collision = true

[node name="Line2D" type="Line2D" parent="StaticPlatforms/StaticBody2D"]
points = PackedVector2Array(-64, 21, -64, 12, -57, 3, -40, 0, 48, 0, 59, 4, 61, 12, 59, 22, 52, 28, 41, 32, 23, 34, -24, 33, -47, 33, -60, 29)
closed = true
joint_mode = 2

[node name="StaticBody2D11" type="StaticBody2D" parent="StaticPlatforms"]
position = Vector2(224, -96)
metadata/_edit_group_ = true

[node name="CollisionPolygon2D" type="CollisionPolygon2D" parent="StaticPlatforms/StaticBody2D11"]
polygon = PackedVector2Array(-69, 22, -69, 10, -59, -2, -40, -5, 48, -5, 63, 0, 66, 13, 63, 25, 55, 32, 42, 37, 23, 39, -48, 38, -64, 32)
one_way_collision = true

[node name="Line2D" type="Line2D" parent="StaticPlatforms/StaticBody2D11"]
points = PackedVector2Array(-64, 21, -64, 12, -57, 3, -40, 0, 48, 0, 59, 4, 61, 12, 59, 22, 52, 28, 41, 32, 23, 34, -24, 33, -47, 33, -60, 29)
closed = true
joint_mode = 2

[node name="StaticBody2D13" type="StaticBody2D" parent="StaticPlatforms"]
position = Vector2(256, -392)
metadata/_edit_group_ = true

[node name="CollisionPolygon2D" type="CollisionPolygon2D" parent="StaticPlatforms/StaticBody2D13"]
polygon = PackedVector2Array(-69, 22, -69, 10, -59, -2, -40, -5, 48, -5, 63, 0, 66, 13, 63, 25, 55, 32, 42, 37, 23, 39, -48, 38, -64, 32)
one_way_collision = true

[node name="Line2D" type="Line2D" parent="StaticPlatforms/StaticBody2D13"]
points = PackedVector2Array(-64, 21, -64, 12, -57, 3, -40, 0, 48, 0, 59, 4, 61, 12, 59, 22, 52, 28, 41, 32, 23, 34, -24, 33, -47, 33, -60, 29)
closed = true
joint_mode = 2

[node name="StaticBody2D14" type="StaticBody2D" parent="StaticPlatforms"]
position = Vector2(504, -512)
metadata/_edit_group_ = true

[node name="CollisionPolygon2D" type="CollisionPolygon2D" parent="StaticPlatforms/StaticBody2D14"]
polygon = PackedVector2Array(-69, 22, -69, 10, -59, -2, -40, -5, 48, -5, 63, 0, 66, 13, 63, 25, 55, 32, 42, 37, 23, 39, -48, 38, -64, 32)
one_way_collision = true

[node name="Line2D" type="Line2D" parent="StaticPlatforms/StaticBody2D14"]
points = PackedVector2Array(-64, 21, -64, 12, -57, 3, -40, 0, 48, 0, 59, 4, 61, 12, 59, 22, 52, 28, 41, 32, 23, 34, -24, 33, -47, 33, -60, 29)
closed = true
joint_mode = 2

[node name="StaticBody2D15" type="StaticBody2D" parent="StaticPlatforms"]
position = Vector2(312, -672)
metadata/_edit_group_ = true

[node name="CollisionPolygon2D" type="CollisionPolygon2D" parent="StaticPlatforms/StaticBody2D15"]
polygon = PackedVector2Array(-69, 22, -69, 10, -59, -2, -40, -5, 48, -5, 63, 0, 66, 13, 63, 25, 55, 32, 42, 37, 23, 39, -48, 38, -64, 32)
one_way_collision = true

[node name="Line2D" type="Line2D" parent="StaticPlatforms/StaticBody2D15"]
points = PackedVector2Array(-64, 21, -64, 12, -57, 3, -40, 0, 48, 0, 59, 4, 61, 12, 59, 22, 52, 28, 41, 32, 23, 34, -24, 33, -47, 33, -60, 29)
closed = true
joint_mode = 2

[node name="StaticBody2D16" type="StaticBody2D" parent="StaticPlatforms"]
position = Vector2(616, -816)
metadata/_edit_group_ = true

[node name="CollisionPolygon2D" type="CollisionPolygon2D" parent="StaticPlatforms/StaticBody2D16"]
polygon = PackedVector2Array(-69, 22, -69, 10, -59, -2, -40, -5, 48, -5, 63, 0, 66, 13, 63, 25, 55, 32, 42, 37, 23, 39, -48, 38, -64, 32)
one_way_collision = true

[node name="Line2D" type="Line2D" parent="StaticPlatforms/StaticBody2D16"]
points = PackedVector2Array(-64, 21, -64, 12, -57, 3, -40, 0, 48, 0, 59, 4, 61, 12, 59, 22, 52, 28, 41, 32, 23, 34, -24, 33, -47, 33, -60, 29)
closed = true
joint_mode = 2

[node name="StaticBody2D17" type="StaticBody2D" parent="StaticPlatforms"]
position = Vector2(192, -928)
metadata/_edit_group_ = true

[node name="CollisionPolygon2D" type="CollisionPolygon2D" parent="StaticPlatforms/StaticBody2D17"]
polygon = PackedVector2Array(-69, 22, -69, 10, -59, -2, -40, -5, 48, -5, 63, 0, 66, 13, 63, 25, 55, 32, 42, 37, 23, 39, -48, 38, -64, 32)
one_way_collision = true

[node name="Line2D" type="Line2D" parent="StaticPlatforms/StaticBody2D17"]
points = PackedVector2Array(-64, 21, -64, 12, -57, 3, -40, 0, 48, 0, 59, 4, 61, 12, 59, 22, 52, 28, 41, 32, 23, 34, -24, 33, -47, 33, -60, 29)
closed = true
joint_mode = 2

[node name="StaticBody2D19" type="StaticBody2D" parent="StaticPlatforms"]
position = Vector2(344, -1040)
metadata/_edit_group_ = true

[node name="CollisionPolygon2D" type="CollisionPolygon2D" parent="StaticPlatforms/StaticBody2D19"]
polygon = PackedVector2Array(-69, 22, -69, 10, -59, -2, -40, -5, 48, -5, 63, 0, 66, 13, 63, 25, 55, 32, 42, 37, 23, 39, -48, 38, -64, 32)
one_way_collision = true

[node name="Line2D" type="Line2D" parent="StaticPlatforms/StaticBody2D19"]
points = PackedVector2Array(-64, 21, -64, 12, -57, 3, -40, 0, 48, 0, 59, 4, 61, 12, 59, 22, 52, 28, 41, 32, 23, 34, -24, 33, -47, 33, -60, 29)
closed = true
joint_mode = 2

[node name="StaticBody2D20" type="StaticBody2D" parent="StaticPlatforms"]
position = Vector2(560, -1144)
metadata/_edit_group_ = true

[node name="CollisionPolygon2D" type="CollisionPolygon2D" parent="StaticPlatforms/StaticBody2D20"]
polygon = PackedVector2Array(-69, 22, -69, 10, -59, -2, -40, -5, 48, -5, 63, 0, 66, 13, 63, 25, 55, 32, 42, 37, 23, 39, -48, 38, -64, 32)
one_way_collision = true

[node name="Line2D" type="Line2D" parent="StaticPlatforms/StaticBody2D20"]
points = PackedVector2Array(-64, 21, -64, 12, -57, 3, -40, 0, 48, 0, 59, 4, 61, 12, 59, 22, 52, 28, 41, 32, 23, 34, -24, 33, -47, 33, -60, 29)
closed = true
joint_mode = 2

[node name="StaticBody2D22" type="StaticBody2D" parent="StaticPlatforms"]
position = Vector2(296, -1432)
metadata/_edit_group_ = true

[node name="CollisionPolygon2D" type="CollisionPolygon2D" parent="StaticPlatforms/StaticBody2D22"]
polygon = PackedVector2Array(-69, 22, -69, 10, -59, -2, -40, -5, 48, -5, 63, 0, 66, 13, 63, 25, 55, 32, 42, 37, 23, 39, -48, 38, -64, 32)
one_way_collision = true

[node name="Line2D" type="Line2D" parent="StaticPlatforms/StaticBody2D22"]
points = PackedVector2Array(-64, 21, -64, 12, -57, 3, -40, 0, 48, 0, 59, 4, 61, 12, 59, 22, 52, 28, 41, 32, 23, 34, -24, 33, -47, 33, -60, 29)
closed = true
joint_mode = 2

[node name="StaticBody2D23" type="StaticBody2D" parent="StaticPlatforms"]
position = Vector2(432, -1600)
metadata/_edit_group_ = true

[node name="CollisionPolygon2D" type="CollisionPolygon2D" parent="StaticPlatforms/StaticBody2D23"]
polygon = PackedVector2Array(-69, 22, -69, 10, -59, -2, -40, -5, 48, -5, 63, 0, 66, 13, 63, 25, 55, 32, 42, 37, 23, 39, -48, 38, -64, 32)
one_way_collision = true

[node name="Line2D" type="Line2D" parent="StaticPlatforms/StaticBody2D23"]
points = PackedVector2Array(-64, 21, -64, 12, -57, 3, -40, 0, 48, 0, 59, 4, 61, 12, 59, 22, 52, 28, 41, 32, 23, 34, -24, 33, -47, 33, -60, 29)
closed = true
joint_mode = 2

[node name="StaticBody2D24" type="StaticBody2D" parent="StaticPlatforms"]
position = Vector2(192, -1696)
metadata/_edit_group_ = true

[node name="CollisionPolygon2D" type="CollisionPolygon2D" parent="StaticPlatforms/StaticBody2D24"]
polygon = PackedVector2Array(-69, 22, -69, 10, -59, -2, -40, -5, 48, -5, 63, 0, 66, 13, 63, 25, 55, 32, 42, 37, 23, 39, -48, 38, -64, 32)
one_way_collision = true

[node name="Line2D" type="Line2D" parent="StaticPlatforms/StaticBody2D24"]
points = PackedVector2Array(-64, 21, -64, 12, -57, 3, -40, 0, 48, 0, 59, 4, 61, 12, 59, 22, 52, 28, 41, 32, 23, 34, -24, 33, -47, 33, -60, 29)
closed = true
joint_mode = 2

[node name="StaticBody2D25" type="StaticBody2D" parent="StaticPlatforms"]
position = Vector2(304, -1872)
metadata/_edit_group_ = true

[node name="CollisionPolygon2D" type="CollisionPolygon2D" parent="StaticPlatforms/StaticBody2D25"]
polygon = PackedVector2Array(-69, 22, -69, 10, -59, -2, -40, -5, 48, -5, 63, 0, 66, 13, 63, 25, 55, 32, 42, 37, 23, 39, -48, 38, -64, 32)
one_way_collision = true

[node name="Line2D" type="Line2D" parent="StaticPlatforms/StaticBody2D25"]
points = PackedVector2Array(-64, 21, -64, 12, -57, 3, -40, 0, 48, 0, 59, 4, 61, 12, 59, 22, 52, 28, 41, 32, 23, 34, -24, 33, -47, 33, -60, 29)
closed = true
joint_mode = 2

[node name="StaticBody2D26" type="StaticBody2D" parent="StaticPlatforms"]
position = Vector2(517, -1988)
metadata/_edit_group_ = true

[node name="CollisionPolygon2D" type="CollisionPolygon2D" parent="StaticPlatforms/StaticBody2D26"]
polygon = PackedVector2Array(-69, 22, -69, 10, -59, -2, -40, -5, 48, -5, 63, 0, 66, 13, 63, 25, 55, 32, 42, 37, 23, 39, -48, 38, -64, 32)
one_way_collision = true

[node name="Line2D" type="Line2D" parent="StaticPlatforms/StaticBody2D26"]
points = PackedVector2Array(-64, 21, -64, 12, -57, 3, -40, 0, 48, 0, 59, 4, 61, 12, 59, 22, 52, 28, 41, 32, 23, 34, -24, 33, -47, 33, -60, 29)
closed = true
joint_mode = 2

[node name="StaticBody2D27" type="StaticBody2D" parent="StaticPlatforms"]
position = Vector2(442, -2129)
metadata/_edit_group_ = true

[node name="CollisionPolygon2D" type="CollisionPolygon2D" parent="StaticPlatforms/StaticBody2D27"]
polygon = PackedVector2Array(-69, 22, -69, 10, -59, -2, -40, -5, 48, -5, 63, 0, 66, 13, 63, 25, 55, 32, 42, 37, 23, 39, -48, 38, -64, 32)
one_way_collision = true

[node name="Line2D" type="Line2D" parent="StaticPlatforms/StaticBody2D27"]
points = PackedVector2Array(-64, 21, -64, 12, -57, 3, -40, 0, 48, 0, 59, 4, 61, 12, 59, 22, 52, 28, 41, 32, 23, 34, -24, 33, -47, 33, -60, 29)
closed = true
joint_mode = 2

[node name="StaticBody2D28" type="StaticBody2D" parent="StaticPlatforms"]
position = Vector2(302, -2332)
metadata/_edit_group_ = true

[node name="CollisionPolygon2D" type="CollisionPolygon2D" parent="StaticPlatforms/StaticBody2D28"]
polygon = PackedVector2Array(-69, 22, -69, 10, -59, -2, -40, -5, 48, -5, 63, 0, 66, 13, 63, 25, 55, 32, 42, 37, 23, 39, -48, 38, -64, 32)
one_way_collision = true

[node name="Line2D" type="Line2D" parent="StaticPlatforms/StaticBody2D28"]
points = PackedVector2Array(-64, 21, -64, 12, -57, 3, -40, 0, 48, 0, 59, 4, 61, 12, 59, 22, 52, 28, 41, 32, 23, 34, -24, 33, -47, 33, -60, 29)
closed = true
joint_mode = 2

[node name="StaticBody2D29" type="StaticBody2D" parent="StaticPlatforms"]
position = Vector2(508, -2482)
metadata/_edit_group_ = true

[node name="CollisionPolygon2D" type="CollisionPolygon2D" parent="StaticPlatforms/StaticBody2D29"]
polygon = PackedVector2Array(-69, 22, -69, 10, -59, -2, -40, -5, 48, -5, 63, 0, 66, 13, 63, 25, 55, 32, 42, 37, 23, 39, -48, 38, -64, 32)
one_way_collision = true

[node name="Line2D" type="Line2D" parent="StaticPlatforms/StaticBody2D29"]
points = PackedVector2Array(-64, 21, -64, 12, -57, 3, -40, 0, 48, 0, 59, 4, 61, 12, 59, 22, 52, 28, 41, 32, 23, 34, -24, 33, -47, 33, -60, 29)
closed = true
joint_mode = 2

[node name="StaticBody2D33" type="StaticBody2D" parent="StaticPlatforms"]
position = Vector2(460, -3251)
metadata/_edit_group_ = true

[node name="CollisionPolygon2D" type="CollisionPolygon2D" parent="StaticPlatforms/StaticBody2D33"]
polygon = PackedVector2Array(-69, 22, -69, 10, -59, -2, -40, -5, 48, -5, 63, 0, 66, 13, 63, 25, 55, 32, 42, 37, 23, 39, -48, 38, -64, 32)
one_way_collision = true

[node name="Line2D" type="Line2D" parent="StaticPlatforms/StaticBody2D33"]
points = PackedVector2Array(-64, 21, -64, 12, -57, 3, -40, 0, 48, 0, 59, 4, 61, 12, 59, 22, 52, 28, 41, 32, 23, 34, -24, 33, -47, 33, -60, 29)
closed = true
joint_mode = 2

[node name="StaticBody2D34" type="StaticBody2D" parent="StaticPlatforms"]
position = Vector2(620, -3406)
metadata/_edit_group_ = true

[node name="CollisionPolygon2D" type="CollisionPolygon2D" parent="StaticPlatforms/StaticBody2D34"]
polygon = PackedVector2Array(-69, 22, -69, 10, -59, -2, -40, -5, 48, -5, 63, 0, 66, 13, 63, 25, 55, 32, 42, 37, 23, 39, -48, 38, -64, 32)
one_way_collision = true

[node name="Line2D" type="Line2D" parent="StaticPlatforms/StaticBody2D34"]
points = PackedVector2Array(-64, 21, -64, 12, -57, 3, -40, 0, 48, 0, 59, 4, 61, 12, 59, 22, 52, 28, 41, 32, 23, 34, -24, 33, -47, 33, -60, 29)
closed = true
joint_mode = 2

[node name="StaticBody2D35" type="StaticBody2D" parent="StaticPlatforms"]
position = Vector2(383, -3612)
metadata/_edit_group_ = true

[node name="CollisionPolygon2D" type="CollisionPolygon2D" parent="StaticPlatforms/StaticBody2D35"]
polygon = PackedVector2Array(-69, 22, -69, 10, -59, -2, -40, -5, 48, -5, 63, 0, 66, 13, 63, 25, 55, 32, 42, 37, 23, 39, -48, 38, -64, 32)
one_way_collision = true

[node name="Line2D" type="Line2D" parent="StaticPlatforms/StaticBody2D35"]
points = PackedVector2Array(-64, 21, -64, 12, -57, 3, -40, 0, 48, 0, 59, 4, 61, 12, 59, 22, 52, 28, 41, 32, 23, 34, -24, 33, -47, 33, -60, 29)
closed = true
joint_mode = 2

[node name="StaticBody2D36" type="StaticBody2D" parent="StaticPlatforms"]
position = Vector2(627, -3664)
metadata/_edit_group_ = true

[node name="CollisionPolygon2D" type="CollisionPolygon2D" parent="StaticPlatforms/StaticBody2D36"]
polygon = PackedVector2Array(-69, 22, -69, 10, -59, -2, -40, -5, 48, -5, 63, 0, 66, 13, 63, 25, 55, 32, 42, 37, 23, 39, -48, 38, -64, 32)
one_way_collision = true

[node name="Line2D" type="Line2D" parent="StaticPlatforms/StaticBody2D36"]
points = PackedVector2Array(-64, 21, -64, 12, -57, 3, -40, 0, 48, 0, 59, 4, 61, 12, 59, 22, 52, 28, 41, 32, 23, 34, -24, 33, -47, 33, -60, 29)
closed = true
joint_mode = 2

[node name="StaticBody2D37" type="StaticBody2D" parent="StaticPlatforms"]
position = Vector2(212, -3855)
metadata/_edit_group_ = true

[node name="CollisionPolygon2D" type="CollisionPolygon2D" parent="StaticPlatforms/StaticBody2D37"]
polygon = PackedVector2Array(-69, 22, -69, 10, -59, -2, -40, -5, 48, -5, 63, 0, 66, 13, 63, 25, 55, 32, 42, 37, 23, 39, -48, 38, -64, 32)
one_way_collision = true

[node name="Line2D" type="Line2D" parent="StaticPlatforms/StaticBody2D37"]
points = PackedVector2Array(-64, 21, -64, 12, -57, 3, -40, 0, 48, 0, 59, 4, 61, 12, 59, 22, 52, 28, 41, 32, 23, 34, -24, 33, -47, 33, -60, 29)
closed = true
joint_mode = 2

[node name="StaticBody2D38" type="StaticBody2D" parent="StaticPlatforms"]
position = Vector2(205, -4102)
metadata/_edit_group_ = true

[node name="CollisionPolygon2D" type="CollisionPolygon2D" parent="StaticPlatforms/StaticBody2D38"]
polygon = PackedVector2Array(-69, 22, -69, 10, -59, -2, -40, -5, 48, -5, 63, 0, 66, 13, 63, 25, 55, 32, 42, 37, 23, 39, -48, 38, -64, 32)
one_way_collision = true

[node name="Line2D" type="Line2D" parent="StaticPlatforms/StaticBody2D38"]
points = PackedVector2Array(-64, 21, -64, 12, -57, 3, -40, 0, 48, 0, 59, 4, 61, 12, 59, 22, 52, 28, 41, 32, 23, 34, -24, 33, -47, 33, -60, 29)
closed = true
joint_mode = 2

[node name="StaticBody2D39" type="StaticBody2D" parent="StaticPlatforms"]
position = Vector2(502, -4033)
metadata/_edit_group_ = true

[node name="CollisionPolygon2D" type="CollisionPolygon2D" parent="StaticPlatforms/StaticBody2D39"]
polygon = PackedVector2Array(-69, 22, -69, 10, -59, -2, -40, -5, 48, -5, 63, 0, 66, 13, 63, 25, 55, 32, 42, 37, 23, 39, -48, 38, -64, 32)
one_way_collision = true

[node name="Line2D" type="Line2D" parent="StaticPlatforms/StaticBody2D39"]
points = PackedVector2Array(-64, 21, -64, 12, -57, 3, -40, 0, 48, 0, 59, 4, 61, 12, 59, 22, 52, 28, 41, 32, 23, 34, -24, 33, -47, 33, -60, 29)
closed = true
joint_mode = 2

[node name="StaticBody2D40" type="StaticBody2D" parent="StaticPlatforms"]
position = Vector2(555, -4220)
metadata/_edit_group_ = true

[node name="CollisionPolygon2D" type="CollisionPolygon2D" parent="StaticPlatforms/StaticBody2D40"]
polygon = PackedVector2Array(-69, 22, -69, 10, -59, -2, -40, -5, 48, -5, 63, 0, 66, 13, 63, 25, 55, 32, 42, 37, 23, 39, -48, 38, -64, 32)
one_way_collision = true

[node name="Line2D" type="Line2D" parent="StaticPlatforms/StaticBody2D40"]
points = PackedVector2Array(-64, 21, -64, 12, -57, 3, -40, 0, 48, 0, 59, 4, 61, 12, 59, 22, 52, 28, 41, 32, 23, 34, -24, 33, -47, 33, -60, 29)
closed = true
joint_mode = 2

[node name="StaticBody2D41" type="StaticBody2D" parent="StaticPlatforms"]
position = Vector2(395, -4387)
metadata/_edit_group_ = true

[node name="CollisionPolygon2D" type="CollisionPolygon2D" parent="StaticPlatforms/StaticBody2D41"]
polygon = PackedVector2Array(-69, 22, -69, 10, -59, -2, -40, -5, 48, -5, 63, 0, 66, 13, 63, 25, 55, 32, 42, 37, 23, 39, -48, 38, -64, 32)
one_way_collision = true

[node name="Line2D" type="Line2D" parent="StaticPlatforms/StaticBody2D41"]
points = PackedVector2Array(-64, 21, -64, 12, -57, 3, -40, 0, 48, 0, 59, 4, 61, 12, 59, 22, 52, 28, 41, 32, 23, 34, -24, 33, -47, 33, -60, 29)
closed = true
joint_mode = 2

[node name="StaticBody2D42" type="StaticBody2D" parent="StaticPlatforms"]
position = Vector2(295, -4546)
metadata/_edit_group_ = true

[node name="CollisionPolygon2D" type="CollisionPolygon2D" parent="StaticPlatforms/StaticBody2D42"]
polygon = PackedVector2Array(-69, 22, -69, 10, -59, -2, -40, -5, 48, -5, 63, 0, 66, 13, 63, 25, 55, 32, 42, 37, 23, 39, -48, 38, -64, 32)
one_way_collision = true

[node name="Line2D" type="Line2D" parent="StaticPlatforms/StaticBody2D42"]
points = PackedVector2Array(-64, 21, -64, 12, -57, 3, -40, 0, 48, 0, 59, 4, 61, 12, 59, 22, 52, 28, 41, 32, 23, 34, -24, 33, -47, 33, -60, 29)
closed = true
joint_mode = 2

[node name="StaticBody2D43" type="StaticBody2D" parent="StaticPlatforms"]
position = Vector2(177, -4706)
metadata/_edit_group_ = true

[node name="CollisionPolygon2D" type="CollisionPolygon2D" parent="StaticPlatforms/StaticBody2D43"]
polygon = PackedVector2Array(-69, 22, -69, 10, -59, -2, -40, -5, 48, -5, 63, 0, 66, 13, 63, 25, 55, 32, 42, 37, 23, 39, -48, 38, -64, 32)
one_way_collision = true

[node name="Line2D" type="Line2D" parent="StaticPlatforms/StaticBody2D43"]
points = PackedVector2Array(-64, 21, -64, 12, -57, 3, -40, 0, 48, 0, 59, 4, 61, 12, 59, 22, 52, 28, 41, 32, 23, 34, -24, 33, -47, 33, -60, 29)
closed = true
joint_mode = 2

[node name="StaticBody2D44" type="StaticBody2D" parent="StaticPlatforms"]
position = Vector2(442, -4826)
metadata/_edit_group_ = true

[node name="CollisionPolygon2D" type="CollisionPolygon2D" parent="StaticPlatforms/StaticBody2D44"]
polygon = PackedVector2Array(-69, 22, -69, 10, -59, -2, -40, -5, 48, -5, 63, 0, 66, 13, 63, 25, 55, 32, 42, 37, 23, 39, -48, 38, -64, 32)
one_way_collision = true

[node name="Line2D" type="Line2D" parent="StaticPlatforms/StaticBody2D44"]
points = PackedVector2Array(-64, 21, -64, 12, -57, 3, -40, 0, 48, 0, 59, 4, 61, 12, 59, 22, 52, 28, 41, 32, 23, 34, -24, 33, -47, 33, -60, 29)
closed = true
joint_mode = 2

[node name="StaticBody2D45" type="StaticBody2D" parent="StaticPlatforms"]
position = Vector2(617, -4935)
metadata/_edit_group_ = true

[node name="CollisionPolygon2D" type="CollisionPolygon2D" parent="StaticPlatforms/StaticBody2D45"]
polygon = PackedVector2Array(-69, 22, -69, 10, -59, -2, -40, -5, 48, -5, 63, 0, 66, 13, 63, 25, 55, 32, 42, 37, 23, 39, -48, 38, -64, 32)
one_way_collision = true

[node name="Line2D" type="Line2D" parent="StaticPlatforms/StaticBody2D45"]
points = PackedVector2Array(-64, 21, -64, 12, -57, 3, -40, 0, 48, 0, 59, 4, 61, 12, 59, 22, 52, 28, 41, 32, 23, 34, -24, 33, -47, 33, -60, 29)
closed = true
joint_mode = 2

[node name="StaticBody2D46" type="StaticBody2D" parent="StaticPlatforms"]
position = Vector2(519, -5191)
metadata/_edit_group_ = true

[node name="CollisionPolygon2D" type="CollisionPolygon2D" parent="StaticPlatforms/StaticBody2D46"]
polygon = PackedVector2Array(-69, 22, -69, 10, -59, -2, -40, -5, 48, -5, 63, 0, 66, 13, 63, 25, 55, 32, 42, 37, 23, 39, -48, 38, -64, 32)
one_way_collision = true

[node name="Line2D" type="Line2D" parent="StaticPlatforms/StaticBody2D46"]
points = PackedVector2Array(-64, 21, -64, 12, -57, 3, -40, 0, 48, 0, 59, 4, 61, 12, 59, 22, 52, 28, 41, 32, 23, 34, -24, 33, -47, 33, -60, 29)
closed = true
joint_mode = 2

[node name="StaticBody2D47" type="StaticBody2D" parent="StaticPlatforms"]
position = Vector2(407, -5403)
metadata/_edit_group_ = true

[node name="CollisionPolygon2D" type="CollisionPolygon2D" parent="StaticPlatforms/StaticBody2D47"]
polygon = PackedVector2Array(-69, 22, -69, 10, -59, -2, -40, -5, 48, -5, 63, 0, 66, 13, 63, 25, 55, 32, 42, 37, 23, 39, -48, 38, -64, 32)
one_way_collision = true

[node name="Line2D" type="Line2D" parent="StaticPlatforms/StaticBody2D47"]
points = PackedVector2Array(-64, 21, -64, 12, -57, 3, -40, 0, 48, 0, 59, 4, 61, 12, 59, 22, 52, 28, 41, 32, 23, 34, -24, 33, -47, 33, -60, 29)
closed = true
joint_mode = 2

[node name="StaticBody2D18" type="StaticBody2D" parent="StaticPlatforms"]
position = Vector2(152, -560)
metadata/_edit_group_ = true

[node name="CollisionPolygon2D" type="CollisionPolygon2D" parent="StaticPlatforms/StaticBody2D18"]
polygon = PackedVector2Array(-69, 22, -69, 10, -59, -2, -40, -5, 48, -5, 63, 0, 66, 13, 63, 25, 55, 32, 42, 37, 23, 39, -48, 38, -64, 32)
one_way_collision = true

[node name="Line2D" type="Line2D" parent="StaticPlatforms/StaticBody2D18"]
points = PackedVector2Array(-64, 21, -64, 12, -57, 3, -40, 0, 48, 0, 59, 4, 61, 12, 59, 22, 52, 28, 41, 32, 23, 34, -24, 33, -47, 33, -60, 29)
closed = true
joint_mode = 2

[node name="StaticBody2D2" type="StaticBody2D" parent="StaticPlatforms"]
position = Vector2(224, 128)
metadata/_edit_group_ = true

[node name="CollisionPolygon2D" type="CollisionPolygon2D" parent="StaticPlatforms/StaticBody2D2"]
polygon = PackedVector2Array(-69, 22, -69, 10, -59, -2, -40, -5, 48, -5, 63, 0, 66, 13, 63, 25, 55, 32, 42, 37, 23, 39, -48, 38, -64, 32)
one_way_collision = true

[node name="Line2D" type="Line2D" parent="StaticPlatforms/StaticBody2D2"]
points = PackedVector2Array(-64, 21, -64, 12, -57, 3, -40, 0, 48, 0, 59, 4, 61, 12, 59, 22, 52, 28, 41, 32, 23, 34, -24, 33, -47, 33, -60, 29)
closed = true
joint_mode = 2

[node name="StaticBody2D3" type="StaticBody2D" parent="StaticPlatforms"]
position = Vector2(376, 224)
metadata/_edit_group_ = true

[node name="CollisionPolygon2D" type="CollisionPolygon2D" parent="StaticPlatforms/StaticBody2D3"]
polygon = PackedVector2Array(-69, 22, -69, 10, -59, -2, -40, -5, 48, -5, 63, 0, 66, 13, 63, 25, 55, 32, 42, 37, 23, 39, -48, 38, -64, 32)
one_way_collision = true

[node name="Line2D" type="Line2D" parent="StaticPlatforms/StaticBody2D3"]
points = PackedVector2Array(-64, 21, -64, 12, -57, 3, -40, 0, 48, 0, 59, 4, 61, 12, 59, 22, 52, 28, 41, 32, 23, 34, -24, 33, -47, 33, -60, 29)
closed = true
joint_mode = 2

[node name="StaticBody2D5" type="StaticBody2D" parent="StaticPlatforms"]
position = Vector2(416, 456)
metadata/_edit_group_ = true

[node name="CollisionPolygon2D" type="CollisionPolygon2D" parent="StaticPlatforms/StaticBody2D5"]
polygon = PackedVector2Array(-69, 22, -69, 10, -59, -2, -40, -5, 48, -5, 63, 0, 66, 13, 63, 25, 55, 32, 42, 37, 23, 39, -48, 38, -64, 32)
one_way_collision = true

[node name="Line2D" type="Line2D" parent="StaticPlatforms/StaticBody2D5"]
points = PackedVector2Array(-64, 21, -64, 12, -57, 3, -40, 0, 48, 0, 59, 4, 61, 12, 59, 22, 52, 28, 41, 32, 23, 34, -24, 33, -47, 33, -60, 29)
closed = true
joint_mode = 2

[node name="StaticBody2D6" type="StaticBody2D" parent="StaticPlatforms"]
position = Vector2(304, 568)
metadata/_edit_group_ = true

[node name="CollisionPolygon2D" type="CollisionPolygon2D" parent="StaticPlatforms/StaticBody2D6"]
polygon = PackedVector2Array(-69, 22, -69, 10, -59, -2, -40, -5, 48, -5, 63, 0, 66, 13, 63, 25, 55, 32, 42, 37, 23, 39, -48, 38, -64, 32)
one_way_collision = true

[node name="Line2D" type="Line2D" parent="StaticPlatforms/StaticBody2D6"]
points = PackedVector2Array(-64, 21, -64, 12, -57, 3, -40, 0, 48, 0, 59, 4, 61, 12, 59, 22, 52, 28, 41, 32, 23, 34, -24, 33, -47, 33, -60, 29)
closed = true
joint_mode = 2

[node name="StaticBody2D7" type="StaticBody2D" parent="StaticPlatforms"]
position = Vector2(168, 664)
metadata/_edit_group_ = true

[node name="CollisionPolygon2D" type="CollisionPolygon2D" parent="StaticPlatforms/StaticBody2D7"]
polygon = PackedVector2Array(-69, 22, -69, 10, -59, -2, -40, -5, 48, -5, 63, 0, 66, 13, 63, 25, 55, 32, 42, 37, 23, 39, -48, 38, -64, 32)
one_way_collision = true

[node name="Line2D" type="Line2D" parent="StaticPlatforms/StaticBody2D7"]
points = PackedVector2Array(-64, 21, -64, 12, -57, 3, -40, 0, 48, 0, 59, 4, 61, 12, 59, 22, 52, 28, 41, 32, 23, 34, -24, 33, -47, 33, -60, 29)
closed = true
joint_mode = 2

[node name="StaticBody2D8" type="StaticBody2D" parent="StaticPlatforms"]
position = Vector2(72, 752)
metadata/_edit_group_ = true

[node name="CollisionPolygon2D" type="CollisionPolygon2D" parent="StaticPlatforms/StaticBody2D8"]
polygon = PackedVector2Array(-69, 22, -69, 10, -59, -2, -40, -5, 48, -5, 63, 0, 66, 13, 63, 25, 55, 32, 42, 37, 23, 39, -48, 38, -64, 32)
one_way_collision = true

[node name="Line2D" type="Line2D" parent="StaticPlatforms/StaticBody2D8"]
points = PackedVector2Array(-64, 21, -64, 12, -57, 3, -40, 0, 48, 0, 59, 4, 61, 12, 59, 22, 52, 28, 41, 32, 23, 34, -24, 33, -47, 33, -60, 29)
closed = true
joint_mode = 2

[node name="StaticBody2D10" type="StaticBody2D" parent="StaticPlatforms"]
position = Vector2(728, 704)
metadata/_edit_group_ = true

[node name="CollisionPolygon2D" type="CollisionPolygon2D" parent="StaticPlatforms/StaticBody2D10"]
polygon = PackedVector2Array(-69, 22, -69, 10, -59, -2, -40, -5, 48, -5, 63, 0, 66, 13, 63, 25, 55, 32, 42, 37, 23, 39, -48, 38, -64, 32)
one_way_collision = true

[node name="Line2D" type="Line2D" parent="StaticPlatforms/StaticBody2D10"]
points = PackedVector2Array(-64, 21, -64, 12, -57, 3, -40, 0, 48, 0, 59, 4, 61, 12, 59, 22, 52, 28, 41, 32, 23, 34, -24, 33, -47, 33, -60, 29)
closed = true
joint_mode = 2

[node name="StaticBody2D48" type="StaticBody2D" parent="StaticPlatforms"]
position = Vector2(728, 888)
metadata/_edit_group_ = true

[node name="CollisionPolygon2D" type="CollisionPolygon2D" parent="StaticPlatforms/StaticBody2D48"]
polygon = PackedVector2Array(-69, 22, -69, 10, -59, -2, -40, -5, 48, -5, 63, 0, 66, 13, 63, 25, 55, 32, 42, 37, 23, 39, -48, 38, -64, 32)
one_way_collision = true

[node name="Line2D" type="Line2D" parent="StaticPlatforms/StaticBody2D48"]
points = PackedVector2Array(-64, 21, -64, 12, -57, 3, -40, 0, 48, 0, 59, 4, 61, 12, 59, 22, 52, 28, 41, 32, 23, 34, -24, 33, -47, 33, -60, 29)
closed = true
joint_mode = 2

[node name="StaticBody2D49" type="StaticBody2D" parent="StaticPlatforms"]
position = Vector2(728, 1096)
metadata/_edit_group_ = true

[node name="CollisionPolygon2D" type="CollisionPolygon2D" parent="StaticPlatforms/StaticBody2D49"]
polygon = PackedVector2Array(-69, 22, -69, 10, -59, -2, -40, -5, 48, -5, 63, 0, 66, 13, 63, 25, 55, 32, 42, 37, 23, 39, -48, 38, -64, 32)
one_way_collision = true

[node name="Line2D" type="Line2D" parent="StaticPlatforms/StaticBody2D49"]
points = PackedVector2Array(-64, 21, -64, 12, -57, 3, -40, 0, 48, 0, 59, 4, 61, 12, 59, 22, 52, 28, 41, 32, 23, 34, -24, 33, -47, 33, -60, 29)
closed = true
joint_mode = 2

[node name="StaticBody2D50" type="StaticBody2D" parent="StaticPlatforms"]
position = Vector2(600, 1312)
metadata/_edit_group_ = true

[node name="CollisionPolygon2D" type="CollisionPolygon2D" parent="StaticPlatforms/StaticBody2D50"]
polygon = PackedVector2Array(-69, 22, -69, 10, -59, -2, -40, -5, 48, -5, 63, 0, 66, 13, 63, 25, 55, 32, 42, 37, 23, 39, -48, 38, -64, 32)
one_way_collision = true

[node name="Line2D" type="Line2D" parent="StaticPlatforms/StaticBody2D50"]
points = PackedVector2Array(-64, 21, -64, 12, -57, 3, -40, 0, 48, 0, 59, 4, 61, 12, 59, 22, 52, 28, 41, 32, 23, 34, -24, 33, -47, 33, -60, 29)
closed = true
joint_mode = 2

[node name="StaticBody2D51" type="StaticBody2D" parent="StaticPlatforms"]
position = Vector2(352, 1312)
metadata/_edit_group_ = true

[node name="CollisionPolygon2D" type="CollisionPolygon2D" parent="StaticPlatforms/StaticBody2D51"]
polygon = PackedVector2Array(-69, 22, -69, 10, -59, -2, -40, -5, 48, -5, 63, 0, 66, 13, 63, 25, 55, 32, 42, 37, 23, 39, -48, 38, -64, 32)
one_way_collision = true

[node name="Line2D" type="Line2D" parent="StaticPlatforms/StaticBody2D51"]
points = PackedVector2Array(-64, 21, -64, 12, -57, 3, -40, 0, 48, 0, 59, 4, 61, 12, 59, 22, 52, 28, 41, 32, 23, 34, -24, 33, -47, 33, -60, 29)
closed = true
joint_mode = 2

[node name="StaticBody2D52" type="StaticBody2D" parent="StaticPlatforms"]
position = Vector2(128, 1312)
metadata/_edit_group_ = true

[node name="CollisionPolygon2D" type="CollisionPolygon2D" parent="StaticPlatforms/StaticBody2D52"]
polygon = PackedVector2Array(-69, 22, -69, 10, -59, -2, -40, -5, 48, -5, 63, 0, 66, 13, 63, 25, 55, 32, 42, 37, 23, 39, -48, 38, -64, 32)
one_way_collision = true

[node name="Line2D" type="Line2D" parent="StaticPlatforms/StaticBody2D52"]
points = PackedVector2Array(-64, 21, -64, 12, -57, 3, -40, 0, 48, 0, 59, 4, 61, 12, 59, 22, 52, 28, 41, 32, 23, 34, -24, 33, -47, 33, -60, 29)
closed = true
joint_mode = 2

[node name="Godoodle" type="CharacterBody2D" parent="."]
position = Vector2(112, 1208)
collision_layer = 3
script = SubResource("GDScript_o5w2s")
SPEED = 500.0
JUMP_VELOCITY = -700.0
metadata/_edit_group_ = true

[node name="Godoodle" type="Sprite2D" parent="Godoodle"]
scale = Vector2(0.25, 0.25)
texture = ExtResource("1_nbxag")

[node name="CollisionShape2D" type="CollisionShape2D" parent="Godoodle"]
position = Vector2(0, 12)
shape = SubResource("RectangleShape2D_2oij1")

[node name="Camera2D" type="Camera2D" parent="Godoodle"]
position = Vector2(0, -400)
limit_left = 0
limit_right = 800
drag_vertical_enabled = true
drag_top_margin = 0.4
drag_bottom_margin = 1.0
editor_draw_limits = true
editor_draw_drag_margin = true

[node name="AudioStreamPlayer" type="AudioStreamPlayer" parent="Godoodle"]
stream = ExtResource("2_wdsaj")

[node name="Bullets" type="Node" parent="Godoodle"]

[node name="NinePatchRect" type="NinePatchRect" parent="."]
z_index = -4096
offset_top = -190000.0
offset_right = 800.0
offset_bottom = 10000.0
texture = ExtResource("2_uq6fa")
region_rect = Rect2(30, 30, 30, 30)
axis_stretch_horizontal = 1
axis_stretch_vertical = 1
metadata/_edit_group_ = true
metadata/_edit_lock_ = true

[node name="Title" type="Sprite2D" parent="NinePatchRect"]
position = Vector2(336, 191016)
scale = Vector2(0.4, 0.4)
texture = ExtResource("4_wqwic")

[node name="Death Zone" type="Line2D" parent="."]
position = Vector2(400, 1808)
points = PackedVector2Array(-400, 16, -400, -16, -214.543, -16, 400, -16, 400, 16)
closed = true
default_color = Color(1, 0, 0, 1)
script = SubResource("GDScript_olfw4")
follow_distance = 550

[node name="Area2D" type="Area2D" parent="Death Zone"]
collision_mask = 3

[node name="CollisionShape2D" type="CollisionShape2D" parent="Death Zone/Area2D"]
shape = SubResource("RectangleShape2D_pdgea")

[connection signal="body_entered" from="Enemy" to="Enemy" method="_on_body_entered"]
[connection signal="body_entered" from="Enemy2" to="Enemy2" method="_on_body_entered"]
[connection signal="body_entered" from="Death Zone/Area2D" to="Godoodle" method="_on_death_zone_entered"]
